<record><leader>00000cas a22000007a 4500</leader><controlfield tag="001">33498955</controlfield><controlfield tag="008">951117d185u185ukyuwr ne      0    0eng d</controlfield><datafield ind1=" " ind2=" " tag="010"><subfield code="a">sn 95068685 </subfield><subfield code="z">sn 95000686 </subfield></datafield><datafield ind1=" " ind2=" " tag="040"><subfield code="a">MGN</subfield><subfield code="b">eng</subfield><subfield code="c">MGN</subfield><subfield code="d">DLC</subfield><subfield code="d">MGN</subfield><subfield code="d">OCLCQ</subfield></datafield><datafield ind1=" " ind2=" " tag="042"><subfield code="a">msc</subfield></datafield><datafield ind1="0" ind2="4" tag="245"><subfield code="a">The Kentucky Whig and campaign American.</subfield></datafield><datafield ind1="3" ind2=" " tag="246"><subfield code="a">Kentucky Whig</subfield></datafield><datafield ind1=" " ind2=" " tag="260"><subfield code="a">Mount Sterling, Ky. :</subfield><subfield code="b">J.S. Dury</subfield></datafield><datafield ind1=" " ind2=" " tag="300"><subfield code="a">v.</subfield></datafield><datafield ind1=" " ind2=" " tag="310"><subfield code="a">Weekly</subfield></datafield><datafield ind1=" " ind2=" " tag="588"><subfield code="a">Description based on: Vol. 9, no. 12 (June 27, 1856) = whole no. 430.</subfield></datafield><datafield ind1=" " ind2=" " tag="752"><subfield code="a">United States</subfield><subfield code="b">Kentucky</subfield><subfield code="c">Montgomery</subfield><subfield code="d">Mount Sterling.</subfield></datafield><datafield ind1="0" ind2="0" tag="780"><subfield code="t">Kentucky Whig (Mount Sterling, Ky.)</subfield><subfield code="w">(DLC)sn 82014655</subfield></datafield></record>